@book{taylor,
    author    = "Taylor, Joseph L.",
    title     = "Complex Variables",
    publisher = {AMS},
    year      = {2011},
    isbn      = {978-0-8218-6901-7},
    keywords  = {complex,variables,analysis}
}

@unpublished{sekhon,
    author    = "Sekhon, Senan",
    title     = "Metric and Topological Spaces",
    year      = {2019},
    note      = "Unpublished",
    keywords  = {metric spaces,topological spaces}
}

// part 1
@book{Judson_2012,
  author    = {Thomas W. Judson},
  title     = {Abstract Algebra: Theory and Applications},
  year      = {2012},
  publisher = {Stephen F. Austin State University},
}

@book{Cohen_Frey_2005,
  author    = {Cohen, H. and Frey, G. and Avanzi, Roberto and Doche, C. and Lange, T. and Nguyen, Kaven and Vercauteren, F.},
  year      = {2005},
  month     = {01},
  pages     = {1-808},
  title     = {Handbook of elliptic and hyperelliptic curve cryptography},
  journal   = {Handbook of Elliptic and Hyperelliptic Curve Cryptography}
}

@book{Galbraith_2012, 
  place     = {Cambridge}, 
  title     = {Mathematics of Public Key Cryptography},
  publisher = {Cambridge University Press}, 
  author    = {Galbraith, Steven D.}, 
  year      = {2012}
}

@book{Dan_Boneh_2023,
  title     = {A Graduate Course in Applied Cryptography},
  author    = {Dan Boneh and Victor Shoup},
  year      = {2023},
  note      = {Available at: \url{https://toc.cryptobook.us/#toc}},
}
